<record><leader>00000cas a22000007a 4500</leader><controlfield tag="001">16261524</controlfield><controlfield tag="008">870721d192519uunjuwr ne      0    0eng d</controlfield><datafield ind1=" " ind2=" " tag="010"><subfield code="a">sn 87068028 </subfield></datafield><datafield ind1=" " ind2=" " tag="040"><subfield code="a">NJW</subfield><subfield code="b">eng</subfield><subfield code="c">NJW</subfield><subfield code="d">OCLCQ</subfield></datafield><datafield ind1=" " ind2=" " tag="042"><subfield code="a">msc</subfield></datafield><datafield ind1="0" ind2=" " tag="130"><subfield code="a">Belleville news (Belleville, N.J.)</subfield></datafield><datafield ind1="1" ind2="0" tag="245"><subfield code="a">Bellville news.</subfield></datafield><datafield ind1=" " ind2=" " tag="260"><subfield code="a">Belleville, N.J. :</subfield><subfield code="b">Belleville News Pub. Co.</subfield></datafield><datafield ind1=" " ind2=" " tag="310"><subfield code="a">Weekly</subfield></datafield><datafield ind1="1" ind2=" " tag="362"><subfield code="a">Began in 1925.</subfield></datafield><datafield ind1=" " ind2=" " tag="588"><subfield code="a">Description based on: Vol. 8, no. 4 (Sept. 23, 1932).</subfield></datafield><datafield ind1=" " ind2=" " tag="752"><subfield code="a">United States</subfield><subfield code="b">New Jersey</subfield><subfield code="c">Essex</subfield><subfield code="d">Belleville.</subfield></datafield><datafield ind1="0" ind2="5" tag="780"><subfield code="t">Belleville times (Belleville, N.J.)</subfield><subfield code="g">1935</subfield></datafield><datafield ind1="0" ind2="0" tag="785"><subfield code="t">Belleville times-news</subfield></datafield></record>